%Capitalization is very important in references. Be sure to do a double {{ and }} to keep the capitalization of your text in tact.
%Also pay attention to the sorting on last name in the case of complex Dutch names. F.i.: "Aalst, W.M.P. van der and ..." makes it sort under A

% @misc{CVMFS,
%   author  = {CernVM},
%   title   = {CernVM File System},
%   howpublished = "\url{http://cernvm.cern.ch/portal/filesystem}",
%   note = "[online; accessed 11 June 2018]"
% }

% @misc{FUSE,
%   author = {FUSE},
%   title = {Filesystem in Userspace},
%   howpublished = "\url{https://github.com/libfuse/libfuse}",
%   note = "[online; accessed 27 August 2018]"
% }
